@INPROCEEDINGS{indoorScenes, 
author={Quattoni, A. and Torralba, A.}, 
booktitle={Computer Vision and Pattern Recognition, 2009. CVPR 2009. IEEE Conference on}, 
title={Recognizing indoor scenes}, 
year={2009}, 
month={June}, 
pages={413-420}, 
keywords={computer vision;image recognition;computer vision;global discriminative information;image recognition;indoor scene recognition;local discriminative information;Layout}, 
doi={10.1109/CVPR.2009.5206537}, 
ISSN={1063-6919},}

@article{oliva06,
  added-at = {2007-12-04T05:18:34.000+0100},
  author = {Oliva, A. and Torralba, A.},
  biburl = {http://www.bibsonomy.org/bibtex/2dd936e9b8b49ad861fed30cf8fe24b7f/lm77},
  description = {Dissertation},
  interhash = {951098d82f345ce28e313a23983d8ddd},
  intrahash = {dd936e9b8b49ad861fed30cf8fe24b7f},
  journal = {Visual Perception, Progress in Brain Research},
  keywords = {imported},
  owner = {vkotor},
  timestamp = {2007-12-04T05:18:34.000+0100},
  title = {Building the Gist of a Scene: The Role of Global Image Features in
	Recognition},
  volume = 155,
  year = 2006
}
